<record xmlns:xsi="http://www.w3.org/2001/XMLSchema-instance" xmlns="http://www.loc.gov/MARC21/slim" xsi:schemaLocation="http://www.loc.gov/MARC21/slim http://www.loc.gov/standards/marcxml/schema/MARC21slim.xsd">

  <leader>00736nam a2200193Ia 4500</leader>
  <datafield tag="090" ind2=" " ind1=" ">
    <subfield code="a">CD #229</subfield>
  </datafield>
  <datafield tag="111" ind2=" " ind1=" ">
    <subfield code="a">III Simposio Universitario sobre los Derechos de la Niñez y la Adolescencia [3° : 2004 : San José]</subfield>
  </datafield>
  <datafield tag="245" ind2=" " ind1=" ">
    <subfield code="a">Participación y expresión adolescente en la vida nacional / </subfield>
    <subfield code="c">PRIDENA</subfield>
  </datafield>
  <datafield ind2=" " tag="260" ind1=" ">
    <subfield code="a">San Jose, Costa Rica : </subfield>
    <subfield code="b">Universidad de Costa Rica. PRIDENA, </subfield>
    <subfield code="c">2004</subfield>
  </datafield>
  <datafield tag="300" ind2=" " ind1=" ">
    <subfield code="a">Disco Compacto</subfield>
  </datafield>
  <datafield ind2=" " tag="500" ind1=" ">
    <subfield code="a">El presente CD posee 27 ponencias en formato PDF</subfield>
  </datafield>
  <datafield tag="650" ind2=" " ind1=" ">
    <subfield code="a">ADOLESCENTES</subfield>
  </datafield>
  <datafield tag="650" ind2=" " ind1=" ">
    <subfield code="a">SEXUALIDAD</subfield>
  </datafield>
  <datafield ind1=" " tag="650" ind2=" ">
    <subfield code="a">EDUCACION</subfield>
  </datafield>
  <datafield ind1=" " tag="650" ind2=" ">
    <subfield code="a">VIOLENCIA</subfield>
  </datafield>
  <datafield tag="711" ind2=" " ind1=" ">
    <subfield code="a">III Simposio Universitario sobre los Derechos de la Niñez y la Adolescencia [3° : 2004 : San José]</subfield>
  </datafield>
  <datafield tag="942" ind2=" " ind1=" ">
    <subfield code="p">003096 </subfield>
  </datafield>
  <datafield ind1=" " ind2=" " tag="942">
    <subfield code="p">003097</subfield>
  </datafield>
  <datafield ind1=" " ind2=" " tag="999">
    <subfield code="c">2485</subfield>
    <subfield code="d">2485</subfield>
  </datafield>
</record>